@article{WSODLTHRI2021,
  added-at = {2021-06-21T00:00:00.000+0200},
  author = {Elisa Maiettini, Vadim Tikhanoff, Lorenzo Natale},
  journal = {IEEE},
  keywords = {Training, Adaptation models, Pipelines, Supervised learning, Humanoid robots, Object detection, Robot sensing systems},
  number = 1,
  pages = 8,
  timestamp = {2021-06-21T00:00:00.000+0200},
  title = {Weakly-Supervised Object Detection Learning through Human-Robot Interaction},
  url = {https://ieeexplore.ieee.org/document/9555781},
  year = 2021
}

@inproceedings{viola2001rapid,
  title={Rapid object detection using a boosted cascade of simple features},
  author={Viola, Paul and Jones, Michael},
  booktitle={Proceedings of the 2001 IEEE computer society conference on computer vision and pattern recognition. CVPR 2001},
  volume={1},
  pages={I--I},
  year={2001},
  organization={Ieee}
}

@inproceedings{finn2017model,
  title={Model-agnostic meta-learning for fast adaptation of deep networks},
  author={Finn, Chelsea and Abbeel, Pieter and Levine, Sergey},
  booktitle={International conference on machine learning},
  pages={1126--1135},
  year={2017},
  organization={PMLR}
}


@article{wang2020frustratingly,
  title={Frustratingly simple few-shot object detection},
  author={Wang, Xin and Huang, Thomas E and Darrell, Trevor and Gonzalez, Joseph E and Yu, Fisher},
  journal={arXiv preprint arXiv:2003.06957},
  year={2020}
}

@inproceedings{han2022meta,
  title={Meta faster r-cnn: Towards accurate few-shot object detection with attentive feature alignment},
  author={Han, Guangxing and Huang, Shiyuan and Ma, Jiawei and He, Yicheng and Chang, Shih-Fu},
  booktitle={Proceedings of the AAAI Conference on Artificial Intelligence},
  volume={36},
  number={1},
  pages={780--789},
  year={2022}
}



